<?xml version="1.0" encoding="UTF-8"?><collection xmlns="http://www.loc.gov/MARC21/slim"><record><leader>00492nam--2200157-i-4500</leader><controlfield tag="001">000015355</controlfield><controlfield tag="002">20161230</controlfield><controlfield tag="005">20161230201031</controlfield><controlfield tag="008">060222s1000------------r-----000-0-eng-d</controlfield><datafield ind1="1" ind2=" " tag="100"><subfield code="a">Abarbanel,S.(ed.) s.a</subfield></datafield><datafield ind1="1" ind2="0" tag="245"><subfield code="a">Numerical treatment of inverse problems in differential and integral equations. proceedings</subfield></datafield><datafield ind1=" " ind2=" " tag="260"><subfield code="a">Boston, Birkhauserm, 1983</subfield></datafield><datafield ind1=" " ind2=" " tag="300"><subfield code="a">XIII+357 p</subfield></datafield><datafield ind1=" " ind2=" " tag="490"><subfield code="a">Progress In Scientific Computing</subfield><subfield code="v">Vol.2</subfield></datafield><datafield ind1=" " ind2=" " tag="700"><subfield code="a">Deuflhad, P./S.A.</subfield></datafield><datafield ind1=" " ind2=" " tag="CAT"><subfield code="a">Sys</subfield><subfield code="c">20101014</subfield><subfield code="h">092129</subfield></datafield></record></collection>